<?xml version="1.0" encoding="UTF-8"?><collection xmlns="http://www.loc.gov/MARC21/slim"><record><leader>00507nam--2200181-u-4500</leader><controlfield tag="001">000055977</controlfield><controlfield tag="002">20161230</controlfield><controlfield tag="005">20161230201052</controlfield><controlfield tag="008">130912s1000------------r-----000-0-eng-d</controlfield><datafield ind1=" " ind2=" " tag="020"><subfield code="a">978444520357</subfield></datafield><datafield ind1=" " ind2=" " tag="040"><subfield code="a">IFIN-HH</subfield></datafield><datafield ind1="1" ind2=" " tag="100"><subfield code="a">Mughabghab, S.F</subfield></datafield><datafield ind1="1" ind2="0" tag="245"><subfield code="a">Atlas of neutron resources</subfield><subfield code="b">Resonance parameters and thermal cross sections z=1-100</subfield><subfield code="c">S.f. mughabghab</subfield></datafield><datafield ind1=" " ind2=" " tag="250"><subfield code="a">5th Edition</subfield></datafield><datafield ind1=" " ind2=" " tag="260"><subfield code="a">Amsterdam</subfield><subfield code="b">Elsevier</subfield><subfield code="c">2006</subfield></datafield><datafield ind1=" " ind2=" " tag="300"><subfield code="a">/PAG.DIF.</subfield></datafield><datafield ind1=" " ind2=" " tag="852"><subfield code="a">82365</subfield></datafield><datafield ind1=" " ind2=" " tag="CAT"><subfield code="a">Sys</subfield><subfield code="c">20130912</subfield><subfield code="h">164120</subfield></datafield></record></collection>